<?xml version="1.0" encoding="UTF-8"?><collection xmlns="http://www.loc.gov/MARC21/slim"><record><leader>00443nam--2200145-i-4500</leader><controlfield tag="001">000029699</controlfield><controlfield tag="002">20161230</controlfield><controlfield tag="005">20161230201037</controlfield><controlfield tag="008">060222s1000------------r-----000-0-eng-d</controlfield><datafield ind1=" " ind2=" " tag="080"><subfield code="a">681.3.06:518.5</subfield></datafield><datafield ind1=" " ind2=" " tag="245"><subfield code="a">Numerical methods of mathematical organization.with algol and fortran program</subfield></datafield><datafield ind1=" " ind2=" " tag="260"><subfield code="a">New York, Academic Press, 1971. Viii + 219p</subfield></datafield><datafield ind1=" " ind2=" " tag="490"><subfield code="a">Computer Science And Applied Mathematics</subfield></datafield><datafield ind1=" " ind2=" " tag="700"><subfield code="a">Kunzi, Hans P</subfield></datafield><datafield ind1=" " ind2=" " tag="852"><subfield code="a">38336</subfield></datafield></record></collection>